@inproceedings{Geiger10,
    author = {Andreas Geiger and Martin Roser and Raquel Urtasun},
    title = {Efficient Large-Scale Stereo Matching},
    booktitle = {Asian Conference on Computer Vision},
    year = {2010},
    month = {November},
    address = {Queenstown, New Zealand}
}

@inproceedings{Geiger2011IV,
    author = {Andreas Geiger and Julius Ziegler and Christoph Stiller},
    title = {StereoScan: Dense 3d Reconstruction in Real-time},
    booktitle = {Intelligent Vehicles Symposium (IV)},
    year = {2011}
}

@inproceedings{FraundorferHHLMTP12,
    author    = {Friedrich Fraundorfer and
                 Lionel Heng and
                 Dominik Honegger and
                 Gim Hee Lee and
                 Lorenz Meier and
                 Petri Tanskanen and
                 Marc Pollefeys},
    title     = {Vision-based autonomous mapping and exploration using a quadrotor
                {MAV}},
    booktitle = {2012 {IEEE/RSJ} International Conference on Intelligent Robots and
                Systems, {IROS} 2012, Vilamoura, Algarve, Portugal, October 7-12,
                2012},
    pages     = {4557--4564},
    year      = {2012},
    crossref  = {DBLP:conf/iros/2012},
    url       = {http://dx.doi.org/10.1109/IROS.2012.6385934},
    doi       = {10.1109/IROS.2012.6385934},
    timestamp = {Fri, 04 Jan 2013 12:44:31 +0100},
    biburl    = {http://dblp.uni-trier.de/rec/bib/conf/iros/FraundorferHHLMTP12},
    bibsource = {dblp computer science bibliography, http://dblp.org}
}

@book{weiss2012vision,
    title={Vision Based Navigation for Micro Helicopters},
    author={Weiss, S.M. and Siegwart, R.Y. and Kumar, V.},
    url={http://books.google.ru/books?id=FgBaMwEACAAJ},
    year={2012},
    publisher={ETH}
}

@article{QuaternionsNASA,
    title={Euler Angles, Quaternions, and Transformation Matrices},
    author={D. M. Henderson},
    url={http://ntrs.nasa.gov/archive/nasa/casi.ntrs.nasa.gov/19770024290.pdf},
    year={1977},
    publisher={NASA}
}

@misc{QuaternionsMadgwick,
    title={Quaternions},
    author={Sebastian O.H. Madgwick},
    year={2011},
    url={http://www.x-io.co.uk/res/doc/quaternions.pdf}
}

@article{OpenPilotINSGPS,
    title={GPS-aided INS Solution for OpenPilot},
    author={Dale E. Schinstock},
    url={http://wiki.openpilot.org/download/attachments/950387/INSGPSAlg.pdf},
    year={2012}
}

@book{schleppe1996development,
  title={Development of a Real-time Attitude System Using a Quaternion Parameterization and Non-dedicated GPS Receivers: A Thesis},
  author={Schleppe, J.B. and University of Calgary. Department of Geomatics Engineering},
  series={UCGE reports},
  url={http://books.google.ru/books?id=IivWYgEACAAJ},
  year={1996},
  publisher={University of Calgary, Department of Geomatics Engineering}
}

@article{Kishore94,
    title={A Jerk Model for Tracking Highly Maneuvering Targets},
    author={Kishore Mehrotra and Pravas R. Mahapatra},
    year={1994}
}

@misc{ROSFrames,
    title={Standard Units of Measure and Coordinate Conventions},
    author={Tully Foote},
    year={2010},
    url={http://www.ros.org/reps/rep-0103.html}
}

@misc{ROS,
    title={Robotic Operating System},
    url={http://www.ros.org/}
}

@ARTICLE{blanco2009cor,
    author = {Blanco, Jos{\'e}-Luis and Moreno, Francisco-Angel and Gonz{\'a}lez, Javier},
    pages = {327--351},
    month = {November},
    title = {A Collection of Outdoor Robotic Datasets with centimeter-accuracy Ground Truth},
    journal = {Autonomous Robots},
    volume = {27},
    number = {4},
    year = {2009},
    issn = {0929-5593},
    url = {http://www.mrpt.org/Paper:Malaga_Dataset_2009},
    doi = {10.1007/s10514-009-9138-7}
}

%
% Market prices
%
@misc{DroneHire,
    title={Drone Hire - International Directory of Civilian Drone Operators},
    url={http://www.dronehire.org}
}

%
% Aviation safety reports
%
@book{RiskManagementHandbookFAA,
    title={Risk Management Handbook},
    author={Federal Aviation Administration},
    year={2009},
    url={http://www.faa.gov/regulations_policies/handbooks_manuals/aviation/risk_management_handbook/media/risk_management_handbook.pdf}
}

@misc{PlaneCrashInfo,
    title={Causes of Fatal Accidents},
    year={2014},
    url={http://www.planecrashinfo.com/cause.htm}
}

@article{HumanFactorsBoeing,
    title={The Role of Human Factors in Improving Aviation Safety},
    author={Boeing},
    year={2008},
    url={http://www.boeing.com/commercial/aeromagazine/aero_08/human_story.html}
}
